@Manual{R-base,
  title = {R: A Language and Environment for Statistical
    Computing},
  author = {{R Core Team}},
  organization = {R Foundation for Statistical Computing},
  address = {Vienna, Austria},
  year = {2021},
  url = {https://www.R-project.org/},
}

@Manual{R-car,
  title = {car: Companion to Applied Regression},
  author = {John Fox and Sanford Weisberg and Brad Price},
  year = {2021},
  note = {R package version 3.0-11},
  url = {https://CRAN.R-project.org/package=car},
}

@Manual{R-caret,
  title = {caret: Classification and Regression Training},
  author = {Max Kuhn},
  year = {2021},
  note = {R package version 6.0-88},
  url = {https://github.com/topepo/caret/},
}

@Manual{R-cluster,
  title = {cluster: "Finding Groups in Data": Cluster
    Analysis Extended Rousseeuw et al.},
  author = {Martin Maechler and Peter Rousseeuw and Anja
    Struyf and Mia Hubert},
  year = {2021},
  note = {R package version 2.1.2},
  url = {https://svn.r-project.org/R-packages/trunk/
    cluster/},
}

@Manual{R-dbscan,
  title = {dbscan: Density Based Clustering of Applications
    with Noise (DBSCAN) and Related Algorithms},
  author = {Michael Hahsler and Matthew Piekenbrock},
  year = {2021},
  note = {R package version 1.1-8},
  url = {https://github.com/mhahsler/dbscan},
}

@Manual{R-dplyr,
  title = {dplyr: A Grammar of Data Manipulation},
  author = {Hadley Wickham and Romain François and Lionel
    Henry and Kirill Müller},
  year = {2021},
  note = {R package version 1.0.7},
  url = {https://CRAN.R-project.org/package=dplyr},
}

@Manual{R-factoextra,
  title = {factoextra: Extract and Visualize the Results of
    Multivariate Data Analyses},
  author = {Alboukadel Kassambara and Fabian Mundt},
  year = {2020},
  note = {R package version 1.0.7},
  url = {http://www.sthda.com/english/rpkgs/factoextra},
}

@Manual{R-fpc,
  title = {fpc: Flexible Procedures for Clustering},
  author = {Christian Hennig},
  year = {2020},
  note = {R package version 2.2-9},
  url = {https://www.unibo.it/sitoweb/christian.hennig/en/},
}

@Manual{R-ggplot2,
  title = {ggplot2: Create Elegant Data Visualisations Using
    the Grammar of Graphics},
  author = {Hadley Wickham and Winston Chang and Lionel
    Henry and Thomas Lin Pedersen and Kohske Takahashi and
    Claus Wilke and Kara Woo and Hiroaki Yutani and Dewey
    Dunnington},
  year = {2021},
  note = {R package version 3.3.5},
  url = {https://CRAN.R-project.org/package=ggplot2},
}

@Manual{R-ggpubr,
  title = {ggpubr: ggplot2 Based Publication Ready Plots},
  author = {Alboukadel Kassambara},
  year = {2020},
  note = {R package version 0.4.0},
  url = {https://rpkgs.datanovia.com/ggpubr/},
}

@Manual{R-ggthemes,
  title = {ggthemes: Extra Themes, Scales and Geoms for
    ggplot2},
  author = {Jeffrey B. Arnold},
  year = {2021},
  note = {R package version 4.2.4},
  url = {https://github.com/jrnold/ggthemes},
}

@Manual{R-gridExtra,
  title = {gridExtra: Miscellaneous Functions for "Grid"
    Graphics},
  author = {Baptiste Auguie},
  year = {2017},
  note = {R package version 2.3},
  url = {https://CRAN.R-project.org/package=gridExtra},
}

@Manual{R-kableExtra,
  title = {kableExtra: Construct Complex Table with kable
    and Pipe Syntax},
  author = {Hao Zhu},
  year = {2021},
  note = {R package version 1.3.4},
  url = {https://CRAN.R-project.org/package=kableExtra},
}

@Manual{R-multcomp,
  title = {multcomp: Simultaneous Inference in General
    Parametric Models},
  author = {Torsten Hothorn and Frank Bretz and Peter
    Westfall},
  year = {2021},
  note = {R package version 1.4-17},
  url = {https://CRAN.R-project.org/package=multcomp},
}

@Manual{R-openxlsx,
  title = {openxlsx: Read, Write and Edit xlsx Files},
  author = {Philipp Schauberger and Alexander Walker},
  year = {2021},
  note = {R package version 4.2.4},
  url = {https://CRAN.R-project.org/package=openxlsx},
}

@Manual{R-randomForest,
  title = {randomForest: Breiman and Cutler's Random Forests
    for Classification and Regression},
  author = {Leo Breiman and Adele Cutler and Andy Liaw and
    Matthew Wiener},
  year = {2018},
  note = {R package version 4.6-14},
  url = {https://www.stat.berkeley.edu/~breiman/
    RandomForests/},
}

@Manual{R-randomForestExplainer,
  title = {randomForestExplainer: Explaining and Visualizing
    Random Forests in Terms of Variable Importance},
  author = {Aleksandra Paluszynska and Przemyslaw Biecek and
    Yue Jiang},
  year = {2020},
  note = {R package version 0.10.1},
  url = {https://github.com/ModelOriented/
    randomForestExplainer},
}

@Manual{R-rgdal,
  title = {rgdal: Bindings for the Geospatial Data
    Abstraction Library},
  author = {Roger Bivand and Tim Keitt and Barry
    Rowlingson},
  year = {2021},
  note = {R package version 1.5-25},
  url = {https://CRAN.R-project.org/package=rgdal},
}

@Manual{R-sf,
  title = {sf: Simple Features for R},
  author = {Edzer Pebesma},
  year = {2021},
  note = {R package version 1.0-2},
  url = {https://CRAN.R-project.org/package=sf},
}

@Manual{R-tidyverse,
  title = {tidyverse: Easily Install and Load the
    Tidyverse},
  author = {Hadley Wickham},
  year = {2021},
  note = {R package version 1.3.1},
  url = {https://CRAN.R-project.org/package=tidyverse},
}

@Manual{R-xgboost,
  title = {xgboost: Extreme Gradient Boosting},
  author = {Tianqi Chen and Tong He and Michael Benesty
    and Vadim Khotilovich and Yuan Tang and Hyunsu Cho and
    Kailong Chen and Rory Mitchell and Ignacio Cano and
    Tianyi Zhou and Mu Li and Junyuan Xie and Min Lin and
    Yifeng Geng and Yutian Li},
  year = {2021},
  note = {R package version 1.4.1.1},
  url = {https://github.com/dmlc/xgboost},
}

@Book{car2019,
  title = {An {R} Companion to Applied Regression},
  edition = {Third},
  author = {John Fox and Sanford Weisberg},
  year = {2019},
  publisher = {Sage},
  address = {Thousand Oaks {CA}},
  url = {https://socialsciences.mcmaster.ca/jfox/Books/
    Companion/},
}

@Article{dbscan2019,
  title = {{dbscan}: Fast Density-Based Clustering with
    {R}},
  author = {Michael Hahsler and Matthew Piekenbrock and
    Derek Doran},
  journal = {Journal of Statistical Software},
  year = {2019},
  volume = {91},
  number = {1},
  pages = {1--30},
  doi = {10.18637/jss.v091.i01},
}

@Book{ggplot22016,
  author = {Hadley Wickham},
  title = {ggplot2: Elegant Graphics for Data Analysis},
  publisher = {Springer-Verlag New York},
  year = {2016},
  isbn = {978-3-319-24277-4},
  url = {https://ggplot2.tidyverse.org},
}

@Article{multcomp2008,
  title = {Simultaneous Inference in General Parametric
    Models},
  author = {Torsten Hothorn and Frank Bretz and Peter
    Westfall},
  journal = {Biometrical Journal},
  year = {2008},
  volume = {50},
  number = {3},
  pages = {346--363},
}

@Article{randomForest2002,
  title = {Classification and Regression by randomForest},
  author = {Andy Liaw and Matthew Wiener},
  journal = {R News},
  year = {2002},
  volume = {2},
  number = {3},
  pages = {18-22},
  url = {https://CRAN.R-project.org/doc/Rnews/},
}

@Article{sf2018,
  author = {Edzer Pebesma},
  title = {{Simple Features for R: Standardized Support for
    Spatial Vector Data}},
  year = {2018},
  journal = {{The R Journal}},
  doi = {10.32614/RJ-2018-009},
  url = {https://doi.org/10.32614/RJ-2018-009},
  pages = {439--446},
  volume = {10},
  number = {1},
}

@Article{tidyverse2019,
  title = {Welcome to the {tidyverse}},
  author = {Hadley Wickham and Mara Averick and Jennifer
    Bryan and Winston Chang and Lucy D'Agostino McGowan and
    Romain François and Garrett Grolemund and Alex Hayes
    and Lionel Henry and Jim Hester and Max Kuhn and Thomas
    Lin Pedersen and Evan Miller and Stephan Milton Bache
    and Kirill Müller and Jeroen Ooms and David Robinson and
    Dana Paige Seidel and Vitalie Spinu and Kohske Takahashi
    and Davis Vaughan and Claus Wilke and Kara Woo and
    Hiroaki Yutani},
  year = {2019},
  journal = {Journal of Open Source Software},
  volume = {4},
  number = {43},
  pages = {1686},
  doi = {10.21105/joss.01686},
}

