
@misc{finnstats_gradient,
	title = {Gradient {Boosting} in {R}},
	url = {https://finnstats.com/index.php/2021/04/17/gradient-boosting-in-r/},
	abstract = {Gradient Boosting in R, in this tutorial we are going to discuss extreme gradient boosting.
Why is eXtreme Gradient Boosting in R?
Popular in machine lear},
	language = {en-US},
	urldate = {2021-08-26},
	journal = {finnstats},
	author = {{finnstats}},
	month = apr,
	year = {2021},
}

@misc{finnstats_cluster,
	title = {Cluster {Analysis} in {R}},
	url = {https://finnstats.com/index.php/2021/04/20/cluster-analysis-in-r/},
	abstract = {Cluster Analysis in R, when we do data analytics, there are two kinds of approaches one is supervised and another is unsupervised.
Clustering is a method for},
	language = {en-US},
	urldate = {2021-08-26},
	journal = {finnstats},
	author = {{finnstats}},
	month = apr,
	year = {2021},
}

@misc{dbscan2,
	title = {{DBSCAN}: density-based clustering for discovering clusters in large datasets with noise - {Unsupervised} {Machine} {Learning} - {Easy} {Guides} - {Wiki} - {STHDA}},
	shorttitle = {{DBSCAN}},
	url = {http://www.sthda.com/english/wiki/wiki.php?id_contents=7940},
	abstract = {Statistical tools for data analysis and visualization},
	language = {en},
	urldate = {2021-08-26},
}

@book{churski_teoretyczny,
	address = {Warszawa},
	title = {Teoretyczny i praktyczny wymiar polityki rozwoju zorientowanej terytorialnie = ({Theoretical} and practical dimension of place-base territorial policy)},
	isbn = {9788363305956},
	language = {Streszczenie w języku angielskim},
	publisher = {Polska Akademia Nauk. Komitet Przestrzennego Zagospodarowania Kraju},
	author = {Churski, Paweł and Konecka-Szydłowska, Barbara and Perdał, Robert and Herodowicz, Tomasz},
	year = {2020},
	note = {OCLC: 1253419417},
}

@article{perdal_zastosowanie,
	title = {{ZASTOSOWANIE} {ANALIZY} {SKUPIEŃ} {I} {LASÓW} {LOSOWYCH} {W} {KLASYFIKACJI} {GMIN} {W} {POLSCE} {NA} {SKALI} {POZIOMU} {ROZWOJU} {SPOŁECZNO}-{GOSPODARCZEGO}},
	volume = {19},
	issn = {2082-792X, 2543-8565},
	url = {http://qme.sggw.pl/pdf/MIBE_T19_z3_06.pdf},
	doi = {10.22630/MIBE.2018.19.3.24},
	number = {3},
	urldate = {2021-08-26},
	journal = {Metody Ilościowe w Badaniach Ekonomicznych},
	author = {Perdał, Robert},
	month = oct,
	year = {2018},
	pages = {263--273},
}

@misc{ostrowice,
	title = {Gmina {Ostrowice} zostanie zniesiona - {Ministerstwo} {Spraw} {Wewnętrznych} i {Administracji} - {Portal} {Gov}.pl},
	url = {https://www.gov.pl/web/mswia/gmina-ostrowice-zostanie-zniesiona},
	abstract = {Od 1 stycznia 2019 r. gmina Ostrowice (woj. zachodniopomorskie) zostanie zniesiona rozporządzeniem Rady Ministrów. Gmina jest jedną z najbardziej zadłużonych w Polsce i nie ma jakiejkolwiek możliwości spłaty tego długu. To pierwsze tego typu rozwiązanie wprowadzone przez rząd w historii. Znosząc gminę Ostrowice Rada Ministrów rozwiązała problem, który narastał od lat.},
	language = {pl-PL},
	urldate = {2021-08-27},
	journal = {Ministerstwo Spraw Wewnętrznych i Administracji},
}

@article{pajak,
	title = {Determinanty rozwoju regionalnego - współczesne odniesienie},
	issn = {1899-9573},
	url = {http://bazekon.icm.edu.pl/bazekon/element/bwmeta1.element.ekon-element-000171459516},
	language = {PL},
	number = {nr 9},
	urldate = {2021-09-07},
	journal = {Roczniki Ekonomiczne Kujawsko-Pomorskiej Szkoły Wyższej w Bydgoszczy},
	author = {Pająk, Kazimierz and Dahlke, Paweł and Kvilinskyi, Oleksii},
	year = {2016},
	pages = {109--122},
}

@book{borys,
	address = {Białystok},
	title = {Wskaźniki ekorozwoju},
	isbn = {9788385792581},
	language = {Polish},
	publisher = {Wydaw. Ekonomia i Środowisko},
	author = {Borys, Tadeusz},
	year = {1999},
	note = {OCLC: 749760853},
}

@article{hull,
	title = {Czy idea sustainable development ukazuje nową wizję rozwoju cywilizacyjnego?},
	volume = {Vol. 2},
	issn = {1895-6912},
	url = {http://yadda.icm.edu.pl/baztech/element/bwmeta1.element.baztech-article-BPL2-0007-0024},
	language = {PL},
	number = {nr 1},
	urldate = {2021-09-07},
	journal = {Problemy Ekorozwoju},
	author = {Hull, Z.},
	year = {2007},
	pages = {49--57},
}

@book{opallo,
	address = {Warszawa},
	title = {Mierniki rozwoju regionów},
	url = {https://books.google.pl/books?id=azgDAAAAMAAJ},
	publisher = {Państwowe Wydawnictwo Ekonomiczne},
	author = {Opałło, M.},
	year = {1972},
}

@article{adamczyk,
	title = {Badanie zróżnicowania rozwoju ekonomicznego powiatów województwa zachodniopomorskiego},
	issn = {1640-6818},
	url = {http://yadda.icm.edu.pl/yadda/element/bwmeta1.element.ekon-element-000171263591},
	language = {PL},
	number = {nr 98 Przedsiębiorczość szansą rozwoju regionu. T. 2, Kształtowanie przedsiębiorczości},
	urldate = {2021-09-08},
	journal = {Zeszyty Naukowe Uniwersytetu Szczecińskiego. Ekonomiczne Problemy Usług},
	author = {Adamczyk, Adam and Franek, Sławomir},
	year = {2012},
	pages = {405--417},
}

@article{czyzycki,
	title = {Rozwój społeczno-gospodarczy gmin województwa zachodniopomorskiego},
	copyright = {Creative Commons Uznanie autorstwa 3.0 Polska},
	issn = {1896-382X},
	url = {https://depot.ceon.pl/handle/123456789/2835},
	abstract = {Reforma administracyjna kraju, przeprowadzona 1 stycznia 1999 roku, miała stworzyć według założeń z jednej strony silniejsze województwa, a z drugiej zmniejszyć wewnętrzne zróżnicowanie gmin wchodzących w ich skład, zgodnie z ideą: silniejsze gminy „ciągną" w górę te słabsze. W pracy przeprowadzone zostanie badanie stopnia zróżnicowania gmin wchodzących w skład obecnego województwa zachodniopomorskiego.},
	language = {pl},
	urldate = {2021-09-08},
	author = {Czyżycki, Rafał},
	year = {2006},
}

@article{najman,
	title = {Analiza porównawcza wybranych metod analizy skupień w grupowaniu jednostek o złożonej strukturze grupowej},
	issn = {2084-5189},
	url = {http://yadda.icm.edu.pl/yadda/element/bwmeta1.element.ekon-element-000171313061},
	language = {PL},
	number = {R. 11, nr 3, cz. 2},
	urldate = {2021-09-13},
	journal = {Zarządzanie i Finanse},
	author = {Migdał-Najman, Kamila and Najman, Krzysztof},
	year = {2013},
	pages = {179--194},
}

@article{hartigan,
	title = {Algorithm {AS} 136: {A} {K}-{Means} {Clustering} {Algorithm}},
	volume = {28},
	issn = {00359254},
	shorttitle = {Algorithm {AS} 136},
	url = {https://www.jstor.org/stable/10.2307/2346830?origin=crossref},
	doi = {10.2307/2346830},
	number = {1},
	urldate = {2021-09-13},
	journal = {Applied Statistics},
	author = {Hartigan, J. A. and Wong, M. A.},
	year = {1979},
	pages = {100},
}

@inproceedings{k-srednich_book,
	title = {The k-means clustering technique: {General} considerations and implementation in {Mathematica}},
	shorttitle = {The k-means clustering technique},
	doi = {10.20982/TQMP.09.1.P015},
	abstract = {Data clustering techniques are valuable tools for researchers working with large databases of multivariate data. In this tutorial, we present a simple yet powerful one: the k-means clustering technique, through three different algorithms: the Forgy/Lloyd, algorithm, the MacQueen algorithm and the Hartigan \& Wong algorithm. We then present an implementation in Mathematica and various examples of the different options available to illustrate the application of the technique. Data clustering techniques are descriptive data analysis techniques that can be applied to multivariate data sets to uncover the structure present in the data. They are particularly useful when classical second order statistics (the sample mean and covariance) cannot be used. Namely, in exploratory data analysis, one of the assumptions that is made is that no prior knowledge about the dataset, and therefore the dataset’s distribution, is available. In such a situation, data clustering can be a valuable tool. Data clustering is a form of unsupervised classification, as the clusters are formed by evaluating similarities and dissimilarities of intrinsic characteristics between different cases, and the grouping of cases is based on those emergent similarities and not on an external criterion. Also, these techniques can be useful for datasets of any dimensionality over three, as it is very difficult for humans to compare items of such complexity reliably without a support to aid the comparison.},
	author = {Morissette, Laurence and Chartier, S.},
	year = {2013},
}

@misc{k-srednich_internet,
	title = {K-means {Cluster} {Analysis} · {UC} {Business} {Analytics} {R} {Programming} {Guide}},
	url = {https://uc-r.github.io/kmeans_clustering},
	urldate = {2021-09-13},
}


@article{korzeniewski,
	title = {Index of the {Choice} of the {Number} of {Clusters}},
	volume = {61},
	issn = {0033-2372},
	url = {https://ps.stat.gov.pl/Article/2014/2/169-180},
	language = {pl},
	number = {2},
	urldate = {2021-09-13},
	journal = {Przegląd Statystyczny. Statistical Review},
	author = {Korzeniewski, Jerzy},
	month = jun,
	year = {2014},
}

@article{gap,
	title = {Estimating the number of clusters in a data set via the gap statistic},
	volume = {63},
	issn = {13697412},
	url = {https://onlinelibrary.wiley.com/doi/10.1111/1467-9868.00293},
	doi = {10.1111/1467-9868.00293},
	language = {en},
	number = {2},
	urldate = {2021-09-13},
	journal = {Journal of the Royal Statistical Society: Series B (Statistical Methodology)},
	author = {Tibshirani, Robert and Walther, Guenther and Hastie, Trevor},
	year = {2001},
	pages = {411--423},
}

@inproceedings{dbscan,
	address = {Portland, Oregon},
	series = {{KDD}'96},
	title = {A density-based algorithm for discovering clusters in large spatial databases with noise},
	abstract = {Clustering algorithms are attractive for the task of class identification in spatial databases. However, the application to large spatial databases rises the following requirements for clustering algorithms: minimal requirements of domain knowledge to determine the input parameters, discovery of clusters with arbitrary shape and good efficiency on large databases. The well-known clustering algorithms offer no solution to the combination of these requirements. In this paper, we present the new clustering algorithm DBSCAN relying on a density-based notion of clusters which is designed to discover clusters of arbitrary shape. DBSCAN requires only one input parameter and supports the user in determining an appropriate value for it. We performed an experimental evaluation of the effectiveness and efficiency of DBSCAN using synthetic data and real data of the SEQUOIA 2000 benchmark. The results of our experiments demonstrate that (1) DBSCAN is significantly more effective in discovering clusters of arbitrary shape than the well-known algorithm CLAR-ANS, and that (2) DBSCAN outperforms CLARANS by a factor of more than 100 in terms of efficiency.},
	urldate = {2021-09-13},
	booktitle = {Proceedings of the {Second} {International} {Conference} on {Knowledge} {Discovery} and {Data} {Mining}},
	publisher = {AAAI Press},
	author = {Ester, Martin and Kriegel, Hans-Peter and Sander, Jörg and Xu, Xiaowei},
	month = aug,
	year = {1996},
	keywords = {arbitrary shape of clusters, handling nlj4-275oise, clustering algorithms, efficiency on large spatial databases},
	pages = {226--231},
}

@article{grzybowska,
	title = {Szacowanie parametrów ryzyka kredytowego przy użyciu rodzin klasyfikatorów},
	volume = {248},
	issn = {2083-8611},
	url = {http://yadda.icm.edu.pl/yadda/element/bwmeta1.element.cejsh-8181ea61-4cdd-45ec-8398-b5cc08f2c9bc},
	language = {PL},
	urldate = {2021-09-14},
	journal = {Studia Ekonomiczne},
	author = {Grzybowska, Urszula and Karwański, Marek},
	year = {2015},
	pages = {107--120},
}
@book{gorecki,
author = {Krzyśko, Mirosław and Wołyński, Waldemar and Górecki, Tomasz and Skorzybut, Michal},
year = {2008},
month = {01},
pages = {},
title = {Systemy uczące się. Rozpoznawanie wzorców, analiza skupień i redukcja wymiarowości},
isbn = {978-83-204-3459-0}
}


@misc{wariancja,
	title = {Hypothesis {Testing} - {Analysis} of {Variance} ({ANOVA})},
	url = {https://sphweb.bumc.bu.edu/otlt/mph-modules/bs/bs704_hypothesistesting-anova/bs704_hypothesistesting-anova_print.html},
	urldate = {2021-09-15},
}

@misc{kraskall,
	title = {Test {ANOVA} {Kruskala}-{Wallisa} {\textbar} {Statystyka} – {Porady} {\textbar} {Analizy} {\textbar} {Opracowania} {\textbar} {Obliczenia} {\textbar} {Pomoc} statystyczna},
	url = {https://www.statystyka.az.pl/test-anova-kruskala-wallisa.php},
	abstract = {Kompleksowe kompendium wiedzy z zakresu statystyki, ekonometrii i data mining, dedykowane pracownikom naukowym, doktorantom i studentom. Portal popularyzuje teoretyczną i praktyczną wiedzę w sposób przystępny dla początkujących i doświadczonych statystyków.},
	urldate = {2021-09-15},
}

@misc{image_random,
	title = {Random {Forest} - an overview {\textbar} {ScienceDirect} {Topics}},
	url = {https://www.sciencedirect.com/topics/engineering/random-forest},
	urldate = {2021-09-17},
}
